<record xmlns='http://www.loc.gov/MARC21/slim'><leader>01583cam a2200289M  4500</leader><controlfield tag='001'>a6747313</controlfield><controlfield tag='003'>SIRSI</controlfield><controlfield tag='005'>20150321050002.0</controlfield><controlfield tag='008'>050425r20001992enk           000 f eng d</controlfield><datafield ind1=' ' ind2=' ' tag='015'><subfield code='a'>GBA1-28074</subfield></datafield><datafield ind1=' ' ind2=' ' tag='020'><subfield code='a'>0140292926</subfield></datafield><datafield ind1=' ' ind2=' ' tag='020'><subfield code='a'>9780140292923</subfield></datafield><datafield ind1=' ' ind2=' ' tag='035'><subfield code='a'>(OCoLC-M)59521375</subfield></datafield><datafield ind1=' ' ind2=' ' tag='035'><subfield code='a'>(OCoLC-I)275810691</subfield></datafield><datafield ind1=' ' ind2=' ' tag='040'><subfield code='a'>UKV3G</subfield><subfield code='c'>UKV3G</subfield><subfield code='d'>UKM</subfield></datafield><datafield ind1='1' ind2=' ' tag='100'><subfield code='a'>Steinbeck, John,</subfield><subfield code='d'>1902-1968.</subfield><subfield code=' '>^A116705</subfield></datafield><datafield ind1='1' ind2='4' tag='245'><subfield code='a'>The grapes of wrath /</subfield><subfield code='c'>John Steinbeck.</subfield></datafield><datafield ind1=' ' ind2=' ' tag='260'><subfield code='a'>London :</subfield><subfield code='b'>Penguin,</subfield><subfield code='c'>2000, c1967.</subfield></datafield><datafield ind1=' ' ind2=' ' tag='300'><subfield code='a'>535 p. ;</subfield><subfield code='c'>18 cm.</subfield></datafield><datafield ind1=' ' ind2=' ' tag='500'><subfield code='a'>Previously published: USA : Penguin, 1992.</subfield></datafield><datafield ind1=' ' ind2=' ' tag='596'><subfield code='a'>31</subfield></datafield><datafield ind1=' ' ind2='4' tag='690'><subfield code='a'>Foreign editions of the works of John Steinbeck.</subfield></datafield><datafield ind1=' ' ind2=' ' tag='994'><subfield code='a'>Z0</subfield><subfield code='b'>STF</subfield></datafield><datafield ind1=' ' ind2=' ' tag='920'><subfield code='b'>Shocking and controversial when it was first published in 1939, Steinbeck&apos;s Pulitzer Prize-winning epic remains his undisputed masterpiece. Set against the background of dust bowl Oklahoma and Californian migrant life, it tells of the Joad family, who, like thousands of others, are forced to travel West in search of the promised land. Their story is one of false hopes, thwarted desires and broken dreams, yet out of their suffering Steinbeck created a drama that is intensely human yet majestic in its scale and moral vision; an eloquent tribute to the endurance and dignity of the human spirit.</subfield><subfield code='1'>Nielsen</subfield></datafield><datafield ind1=' ' ind2=' ' tag='986'><subfield code='a'>Runner-up for The BBC Big Read Top 100 2003</subfield><subfield code='1'>Nielsen</subfield></datafield><datafield ind1=' ' ind2=' ' tag='986'><subfield code='a'>Shortlisted for BBC Big Read Top 100 2003.</subfield><subfield code='1'>Nielsen</subfield></datafield><datafield ind1=' ' ind2=' ' tag='999'><subfield code='a'>PS3537 .T3234 G8 2000B</subfield><subfield code='w'>LC</subfield><subfield code='c'>1</subfield><subfield code='i'>36105115298981</subfield><subfield code='d'>6/15/2010</subfield><subfield code='e'>8/2/2007</subfield><subfield code='l'>PAGE-SP</subfield><subfield code='m'>SAL3</subfield><subfield code='n'>1</subfield><subfield code='r'>Y</subfield><subfield code='s'>Y</subfield><subfield code='t'>NH-INHOUSE</subfield><subfield code='u'>2/6/2007</subfield></datafield></record>